@article{Correlation_generation,
	title = {Numerically Stable Generation of Correlation Matrices and Their Factors},
	journal = {BIT Numerical Mathematics},
	volume = {40},
	pages = {640â€“651},
	year = {2000},
	doi = {https://doi.org/10.1023/A:1022384216930},
	author = {Davies, Philip I. and Higham, Nicholas J.},
}